<?xml version="1.0" encoding="UTF-8"?><record xmlns="http://www.loc.gov/MARC21/slim" xmlns:cinclude="http://apache.org/cocoon/include/1.0" xmlns:zs="http://www.loc.gov/zing/srw/">
  <leader>00418nz  a2200121n  4500</leader>
  <controlfield tag="001">n  86822460 </controlfield>
  <controlfield tag="003">DLC</controlfield>
  <controlfield tag="005">19860424160309.1</controlfield>
  <controlfield tag="008">860424n| acannaab|          |n aad |||  </controlfield>
  <datafield tag="010" ind1=" " ind2=" ">
    <subfield code="a">n  86822460 </subfield>
  </datafield>
  <datafield tag="040" ind1=" " ind2=" ">
    <subfield code="a">DLC</subfield>
    <subfield code="c">DLC</subfield>
  </datafield>
  <datafield tag="100" ind1="1" ind2="0">
    <subfield code="a">Webb, Ronald James,</subfield>
    <subfield code="d">1942-</subfield>
  </datafield>
  <datafield tag="670" ind1=" " ind2=" ">
    <subfield code="a">nuc86-37548: His Organizational effect. in voluntary organizations, 1973, c1974</subfield>
    <subfield code="b">(hdg. on PPEB rept.: Webb, Ronald James, 1942- ; usage: Ronald James Webb)</subfield>
  </datafield>
</record>